@incollection{Jentzsch_2014,
  doi = {10.1007/978-3-642-30274-9_10},
  url = {http://dx.doi.org/10.1007/978-3-642-30274-9_10},
  year = {2014},
  publisher = {Springer Science $\mathplus$ Business Media},
  pages = {209--219},
  author = {Anja Jentzsch},
  title = {{Linked Open Data Cloud}},
  booktitle = {Linked Enterprise Data},
}
